<?xml version="1.0" encoding="UTF-8"?><collection xmlns="http://www.loc.gov/MARC21/slim"><record><leader>00580nam--2200181-i-4500</leader><controlfield tag="001">000041393</controlfield><controlfield tag="002">20161230</controlfield><controlfield tag="005">20170106164738</controlfield><controlfield tag="008">060222s1000------------r-----000-0-eng-d</controlfield><datafield ind1=" " ind2=" " tag="040"><subfield code="a">IFIN-HH</subfield></datafield><datafield ind1=" " ind2=" " tag="080"><subfield code="a">539.2</subfield></datafield><datafield ind1="1" ind2=" " tag="100"><subfield code="a">Amelinckx, S</subfield></datafield><datafield ind1="1" ind2="0" tag="245"><subfield code="a">Solid state physics. Advances in research and applications</subfield><subfield code="b">Supplement 6. The direct observation of dislocations</subfield><subfield code="c">S. Amelinckx</subfield></datafield><datafield ind1=" " ind2=" " tag="260"><subfield code="a">New York</subfield><subfield code="b">Academic Press</subfield><subfield code="c">1964</subfield></datafield><datafield ind1=" " ind2=" " tag="300"><subfield code="a">X+487 p</subfield></datafield><datafield ind1=" " ind2=" " tag="490"><subfield code="a">Solid State Physics. Advances In Research And Applications</subfield></datafield><datafield ind1=" " ind2=" " tag="852"><subfield code="a">11711</subfield><subfield code="c">539.2</subfield></datafield><datafield ind1=" " ind2=" " tag="CAT"><subfield code="a">SYS</subfield><subfield code="c">20170106</subfield><subfield code="h">164738</subfield></datafield></record></collection>